<record><leader>00000cas a22000007a 4500</leader><controlfield tag="001">26901575</controlfield><controlfield tag="008">921102d19221926nmudn ne      0    0eng d</controlfield><datafield ind1=" " ind2=" " tag="010"><subfield code="a">sn 92070583 </subfield></datafield><datafield ind1=" " ind2=" " tag="040"><subfield code="a">NVM</subfield><subfield code="b">eng</subfield><subfield code="c">NVM</subfield><subfield code="d">OCLCQ</subfield><subfield code="d">OCLCF</subfield><subfield code="d">OCLCO</subfield><subfield code="d">IUL</subfield></datafield><datafield ind1=" " ind2=" " tag="042"><subfield code="a">msc</subfield></datafield><datafield ind1=" " ind2=" " tag="043"><subfield code="a">n-us-nm</subfield></datafield><datafield ind1="0" ind2="4" tag="245"><subfield code="a">The Albuquerque herald.</subfield></datafield><datafield ind1=" " ind2=" " tag="260"><subfield code="a">Albuquerque, N.M. :</subfield><subfield code="b">Albuquerque Herald</subfield></datafield><datafield ind1=" " ind2=" " tag="300"><subfield code="a">v.</subfield></datafield><datafield ind1=" " ind2=" " tag="310"><subfield code="a">Daily (except Sunday),</subfield><subfield code="b">Nov. 14, 1923-1926</subfield></datafield><datafield ind1=" " ind2=" " tag="321"><subfield code="a">Daily,</subfield><subfield code="b">1922-Nov. 13, 1923</subfield></datafield><datafield ind1="0" ind2=" " tag="362"><subfield code="a">Vol. 13, no. 106 (July 12, 1922)-v. 17, no. 63 (June 19, 1926).</subfield></datafield><datafield ind1=" " ind2=" " tag="580"><subfield code="a">Evening ed. of: Albuquerque morning journal (Albuquerque, N.M. : 1903), Mar. 1-June 19, 1926.</subfield></datafield><datafield ind1=" " ind2="0" tag="651"><subfield code="a">Albuquerque (N.M.)</subfield><subfield code="v">Newspapers.</subfield></datafield><datafield ind1=" " ind2="0" tag="651"><subfield code="a">Bernalillo County (N.M.)</subfield><subfield code="v">Newspapers.</subfield></datafield><datafield ind1=" " ind2="7" tag="651"><subfield code="a">New Mexico</subfield><subfield code="z">Albuquerque.</subfield><subfield code="2">fast</subfield><subfield code="0">(OCoLC)fst01205799</subfield></datafield><datafield ind1=" " ind2="7" tag="651"><subfield code="a">New Mexico</subfield><subfield code="z">Bernalillo County.</subfield><subfield code="2">fast</subfield><subfield code="0">(OCoLC)fst01218455</subfield></datafield><datafield ind1=" " ind2="7" tag="655"><subfield code="a">Newspapers.</subfield><subfield code="2">fast</subfield><subfield code="0">(OCoLC)fst01423814</subfield></datafield><datafield ind1=" " ind2=" " tag="752"><subfield code="a">United States</subfield><subfield code="b">New Mexico</subfield><subfield code="c">Bernalillo</subfield><subfield code="d">Albuquerque.</subfield></datafield><datafield ind1="1" ind2=" " tag="775"><subfield code="t">Albuquerque morning journal (1903)</subfield><subfield code="x">2375-5903</subfield><subfield code="w">(DLC)sn 84031081</subfield><subfield code="w">(OCoLC)11221430</subfield></datafield><datafield ind1="0" ind2="0" tag="780"><subfield code="t">Evening herald (Albuquerque, N.M.)</subfield><subfield code="x">2165-7785</subfield><subfield code="w">(DLC)sn 92070582</subfield><subfield code="w">(OCoLC)26901578</subfield></datafield><datafield ind1="0" ind2="0" tag="785"><subfield code="t">Albuquerque journal (Albuquerque, N.M. : Evening ed.)</subfield><subfield code="w">(DLC)sn 92070453</subfield><subfield code="w">(OCoLC)27038485</subfield></datafield></record>